@article{einstein,
    author =       "Albert Einstein",
    title =        "{Zur Elektrodynamik bewegter K{\"o}rper}. ({German})
        [{On} the electrodynamics of moving bodies]",
    journal =      "Annalen der Physik",
    volume =       "322",
    number =       "10",
    pages =        "891--921",
    year =         "1905",
    DOI =          "http://dx.doi.org/10.1002/andp.19053221004"
}

@book{latexcompanion,
    author    = "Michel Goossens and Frank Mittelbach and Alexander Samarin",
    title     = "The \LaTeX\ Companion",
    year      = "1993",
    publisher = "Addison-Wesley",
    address   = "Reading, Massachusetts"
}

@misc{knuthwebsite,
    author    = "Donald Knuth",
    title     = "Knuth: Computers and Typesetting",
    url       = "http://www-cs-faculty.stanford.edu/\~{}uno/abcde.html"
}

@article{top_secret_word,
	author = "Tero A and Takagi S and Saigusa T and Ito K and Bebber DP and Fricker MD and Yumiki K and Kobayashi R and Nakagaki T",
	title = "Rules for biologically inspired adaptive network design",
	journal = "Science",
	year = "2010",
	month=1,
	doi = "10.1126/science.1177894."
}

@article{stargazer,
	author="P.-P. Grasse",
	title=" Les Insectes Dans Leur Univers, Paris, France: Ed. du Palais de la de ÃÅcouverte.",
	year="1946"	
}